[gd_scene load_steps=6 format=2]

[ext_resource path="res://ui/fonts/acme_medium.tres" type="DynamicFont" id=1]
[ext_resource path="res://ui/widgets/ScoreRow.tscn" type="PackedScene" id=2]
[ext_resource path="res://ui/widgets/MenuButton.tscn" type="PackedScene" id=3]
[ext_resource path="res://ui/dialogs/ScoreReportDialog.gd" type="Script" id=4]

[sub_resource type="Theme" id=1]
default_font = ExtResource( 1 )

[node name="ScoreReportDialog" type="PanelContainer"]
anchor_left = 0.5
anchor_top = 0.5
anchor_right = 0.5
anchor_bottom = 0.5
margin_left = -384.0
margin_top = -387.0
margin_right = 384.0
margin_bottom = 387.0
focus_mode = 2
theme = SubResource( 1 )
script = ExtResource( 4 )
__meta__ = {
"_edit_use_anchors_": false
}
ScoreRowScene = ExtResource( 2 )
LevelNameValue = NodePath("Margin/VBox/LevelName/Value")
ScoreRowContainer = NodePath("Margin/VBox/ScrollContainer/ScoreRowContainer")
TotalScoreValue = NodePath("Margin/VBox/TotalScore/Value")

[node name="Margin" type="MarginContainer" parent="."]
margin_left = 7.0
margin_top = 7.0
margin_right = 761.0
margin_bottom = 767.0
custom_constants/margin_right = 64
custom_constants/margin_top = 32
custom_constants/margin_left = 64
custom_constants/margin_bottom = 32

[node name="VBox" type="VBoxContainer" parent="Margin"]
margin_left = 64.0
margin_top = 32.0
margin_right = 690.0
margin_bottom = 728.0
custom_constants/separation = 16

[node name="LevelName" type="HBoxContainer" parent="Margin/VBox"]
margin_left = 119.0
margin_right = 506.0
margin_bottom = 41.0
size_flags_horizontal = 4
alignment = 1

[node name="Label" type="Label" parent="Margin/VBox/LevelName"]
margin_right = 234.0
margin_bottom = 41.0
text = "You have finished "
align = 1
valign = 1

[node name="Value" type="Label" parent="Margin/VBox/LevelName"]
margin_left = 238.0
margin_right = 387.0
margin_bottom = 41.0
text = "Level Name"
align = 1
valign = 1

[node name="ScrollContainer" type="ScrollContainer" parent="Margin/VBox"]
margin_top = 57.0
margin_right = 626.0
margin_bottom = 573.0
size_flags_vertical = 3
follow_focus = true
scroll_horizontal_enabled = false

[node name="ScoreRowContainer" type="VBoxContainer" parent="Margin/VBox/ScrollContainer"]
margin_left = 313.0
margin_right = 313.0
margin_bottom = 516.0
size_flags_horizontal = 6
size_flags_vertical = 3

[node name="TotalScore" type="HBoxContainer" parent="Margin/VBox"]
margin_top = 589.0
margin_right = 626.0
margin_bottom = 630.0
alignment = 2

[node name="Label" type="Label" parent="Margin/VBox/TotalScore"]
margin_left = 430.0
margin_right = 574.0
margin_bottom = 41.0
size_flags_vertical = 7
text = "Total score:"
align = 2

[node name="Value" type="Label" parent="Margin/VBox/TotalScore"]
margin_left = 578.0
margin_right = 626.0
margin_bottom = 41.0
size_flags_vertical = 7
text = "999"

[node name="BackButton" parent="Margin/VBox" instance=ExtResource( 3 )]
margin_top = 646.0
margin_right = 200.0
margin_bottom = 696.0
size_flags_horizontal = 0
text = "Back to menu"
[connection signal="pressed" from="Margin/VBox/BackButton" to="." method="_on_BackButton_pressed"]
